@inproceedings{chailloux2017efficient,
  title={An efficient quantum collision search algorithm and implications on symmetric cryptography},
  author={Chailloux, Andr{\'e} and Naya-Plasencia, Mar{\'\i}a and Schrottenloher, Andr{\'e}},
  booktitle={International Conference on the Theory and Application of Cryptology and Information Security},
  pages={211--240},
  year={2017},
  organization={Springer}
}
@inproceedings{brassard1998quantum,
  title={Quantum cryptanalysis of hash and claw-free functions},
  author={Brassard, Gilles and H{\o}yer, Peter and Tapp, Alain},
  booktitle={Latin American Symposium on Theoretical Informatics},
  pages={163--169},
  year={1998},
  organization={Springer}
}
@inproceedings{amy2016estimating,
  title={Estimating the cost of generic quantum pre-image attacks on SHA-2 and SHA-3},
  author={Amy, Matthew and Di Matteo, Olivia and Gheorghiu, Vlad and Mosca, Michele and Parent, Alex and Schanck, John},
  booktitle={International Conference on Selected Areas in Cryptography},
  pages={317--337},
  year={2016},
  organization={Springer}
}
@article{amy2014polynomial,
  title={Polynomial-time T-depth optimization of Clifford+ T circuits via matroid partitioning},
  author={Amy, Matthew and Maslov, Dmitri and Mosca, Michele},
  journal={IEEE Transactions on Computer-Aided Design of Integrated Circuits and Systems},
  volume={33},
  number={10},
  pages={1476--1489},
  year={2014},
  publisher={IEEE}
}
@article{amy2018controlled,
  title={On the controlled-NOT complexity of controlled-NOT--phase circuits},
  author={Amy, Matthew and Azimzadeh, Parsiad and Mosca, Michele},
  journal={Quantum Science and Technology},
  volume={4},
  number={1},
  pages={015002},
  year={2018},
  publisher={IOP Publishing}
}

@article{calderbank1997quantum,
  title={Quantum error correction and orthogonal geometry},
  author={Calderbank, A Robert and Rains, Eric M and Shor, Peter W and Sloane, Neil JA},
  journal={Physical Review Letters},
  volume={78},
  number={3},
  pages={405},
  year={1997},
  publisher={APS}
}
@article{Fowler_2012,
   title={Surface codes: Towards practical large-scale quantum computation},
   volume={86},
   ISSN={1094-1622},
   url={http://dx.doi.org/10.1103/PhysRevA.86.032324},
   DOI={10.1103/physreva.86.032324},
   number={3},
   journal={Physical Review A},
   publisher={American Physical Society (APS)},
   author={Fowler, Austin G. and Mariantoni, Matteo and Martinis, John M. and Cleland, Andrew N.},
   year={2012},
   month={Sep}
}
@misc{cross2017open,
      title={Open Quantum Assembly Language}, 
      author={Andrew W. Cross and Lev S. Bishop and John A. Smolin and Jay M. Gambetta},
      year={2017},
      eprint={1707.03429},
      archivePrefix={arXiv},
      primaryClass={quant-ph}
}

